<record><leader>00000cas a2200000 i 4500</leader><controlfield tag="001">33226561</controlfield><controlfield tag="008">950930d186u1866inuwr ne      0    0eng c</controlfield><datafield ind1=" " ind2=" " tag="010"><subfield code="a">sn 95067517 </subfield></datafield><datafield ind1=" " ind2=" " tag="040"><subfield code="a">NPI</subfield><subfield code="b">eng</subfield><subfield code="c">NPI</subfield><subfield code="d">OCLCQ</subfield><subfield code="d">IUL</subfield><subfield code="d">OCLCF</subfield></datafield><datafield ind1="1" ind2=" " tag="029"><subfield code="a">AU@</subfield><subfield code="b">000023522684</subfield></datafield><datafield ind1=" " ind2=" " tag="042"><subfield code="a">pcc</subfield></datafield><datafield ind1=" " ind2=" " tag="043"><subfield code="a">n-us-in</subfield></datafield><datafield ind1="0" ind2="0" tag="245"><subfield code="a">Boonville enquirer.</subfield></datafield><datafield ind1=" " ind2=" " tag="260"><subfield code="a">Boonville, Ind. :</subfield><subfield code="b">Moore &amp; Crawford,</subfield><subfield code="c">-1866.</subfield></datafield><datafield ind1=" " ind2=" " tag="300"><subfield code="a">volumes</subfield></datafield><datafield ind1=" " ind2=" " tag="310"><subfield code="a">Weekly</subfield></datafield><datafield ind1=" " ind2=" " tag="588"><subfield code="a">Description based on: Volume III, number 1 (December 21, 1865); title from masthead, U.S. Newspaper Archive (viewed May 31, 2017).</subfield></datafield><datafield ind1=" " ind2=" " tag="588"><subfield code="a">Latest issue consulted: Volume III, number 4 (January 18, 1866); U.S. Newspaper Archive (viewed May 31, 2017).</subfield></datafield><datafield ind1=" " ind2="0" tag="651"><subfield code="a">Boonville (Ind.)</subfield><subfield code="v">Newspapers.</subfield></datafield><datafield ind1=" " ind2="0" tag="651"><subfield code="a">Warrick County (Ind.)</subfield><subfield code="v">Newspapers.</subfield></datafield><datafield ind1=" " ind2="7" tag="655"><subfield code="a">Newspapers.</subfield><subfield code="2">fast</subfield><subfield code="0">(OCoLC)fst01423814</subfield></datafield><datafield ind1=" " ind2="7" tag="651"><subfield code="a">Indiana</subfield><subfield code="z">Boonville.</subfield><subfield code="2">fast</subfield><subfield code="0">(OCoLC)fst01218324</subfield></datafield><datafield ind1=" " ind2="7" tag="651"><subfield code="a">Indiana</subfield><subfield code="z">Warrick County.</subfield><subfield code="2">fast</subfield><subfield code="0">(OCoLC)fst01208859</subfield></datafield><datafield ind1=" " ind2=" " tag="752"><subfield code="a">United States</subfield><subfield code="b">Indiana</subfield><subfield code="c">Warrick</subfield><subfield code="d">Boonville.</subfield></datafield><datafield ind1="0" ind2="0" tag="780"><subfield code="t">Warrick Democrat</subfield><subfield code="w">(DLC)sn 82015009</subfield><subfield code="w">(OCoLC)8807848</subfield></datafield><datafield ind1="0" ind2="0" tag="785"><subfield code="t">Boonville weekly enquirer (Boonville, Ind. : 1866)</subfield><subfield code="w">(DLC)sn 84027279</subfield><subfield code="w">(OCoLC)10989984</subfield></datafield><datafield ind1="4" ind2="1" tag="856"><subfield code="u">https://access.newspaperarchive.com/us/indiana/boonville/boonville-enquirer/</subfield></datafield></record>